@techreport{retention-sigcse,
   Author="Guzdial, Mark",
   Title="Summary: Retention Rates in CS vs. Institution",
   Institution="Georgia Tech",
   Type="Message posted on ACM SIGCSE moderated members list",
   Month="April 23",
   Year=2002}

Article{stormsweekend,
author = {Bruckman, Amy}, 
title = {Situated support for learning: Storm's weekend with Rachael}, 
journal = {Journal of the Learning Sciences}, 
volume = {9}, 
number = {3}, 
pages = {329-372}, 
year = {2000}, 
keywords = { }}

@Article{harelpapert,
author = {Harel, Idit and Papert, Seymour}, 
title = {Software design as a learning environment}, 
journal = {Interactive Learning Environments}, 
volume = {1}, 
number = {1}, 
pages = {1-32}, 
year = {1990}, 
keywords = { }}

@Article{CRC,
author = {Beck, K. and Cunningham, W.}, 
title = {A laboratory for teaching object-oriented thinking}, 
journal = {OOPSLA '89 Proceedings},
publisher = {ACM}, 
address = {New York, NY}, 
year = {1989}, 
keywords = { }}

@Article{ectropic,
author = {Rugaber, Spencer and Guzdial, Mark}, 
title = {Ectropic Software}, 
journal = {International Conference on Software Engineering (ICSE-99) Workshop on Software Change and Evolution}, 
year = {1999}, 
keywords = { }}

@article{lcd,
   Author="Soloway, Elliot and Guzdial, Mark and Hay, Kenneth E.",
   Title="Learner-centered design: The challenge for HCI in the 21st century",
   Journal="Interactions",
   Volume=1,
   Number=2,
   Pages="36-48",
   Year=1994}

@techReport{papert-memo,
   Author="Papert, Seymour",
   Title="Teaching children to be mathematicians versus teaching about mathematics",
   Institution="MIT",
   Type="AI Memo No. 249 and Logo Memo No. 4",
   Year=1971}

@book{mindstorms,
   Author="Papert, Seymour",
   Title="Mindstorms: Children, computers, and powerful ideas",
   Publisher="Basic Books",
   Address="New York, NY",
   Year=1980}

@book{changingminds,
   Author="diSessa, Andrea",
   Title="Changing Minds",
   Publisher="MIT Press",
   Address="Cambridge, MA",
   Year=2001}

@incollection{Ingalls97,
Author="Ingalls, Dan and Kaehler, Ted and Maloney, John and Wallace, Scott and Kay, Alan",
   Title="Back to the Future: The Story of Squeak, A Practical Smalltalk Written in Itself",
   BookTitle="OOPSLA'97 Conference Proceedings",
   Publisher="ACM",
   Address="Atlanta, GA",
   Pages="318-326",
   Year=1997}
   
@article{emile,
   Author="Guzdial, Mark",
   Title="Software-realized scaffolding to facilitate programming for science learning",
   Journal="Interactive Learning Environments",
   Volume=4,
   Number=1,
   Pages="1-44",
   Year=1995}

@incollection{highfreq,
   Author="Spohrer, James G. and Soloway, Elliot",
   Title="Analyzing the high frequency bugs in novice programs",
   BookTitle="Empirical Studies of Programmers Workshop",
   Editor="Soloway, Elliot and Iyengar, S.",
   Publisher="Ablex",
   Address="Washington D.C.",
   Pages="230-251",
   Note="Operator precedence errors were among the high frequency bugs observed in novice programs in a traditional programming language",
   Year=1986}

@article{conditionals,
   Author="Green, T. R. G.",
   Title="Conditional program statements and comprehensibility to professional programmers",
   Journal="Journal of Occupational Psychology",
   Volume=50,
   Pages="93-109",
   Year=1977}

@article{novicesets,
   Author="Miller, Lance A.",
   Title="Programming by non-programmers",
   Journal="International Journal of Man-Machine Studies",
   Volume=6,
   Pages="237-260",
   Note="Participants strongly preferred to use set and subset expressions to specify the operations in aggregate",
   Year=1974}

@article{noiterate,
   Author="Miller, Lance A.",
   Title="Natural language programming: Styles, strategies, and contrasts",
   Journal="IBM Systems Journal",
   Volume=20,
   Number=2,
   Pages="184-215",
   Note="Languages require iteration where aggregate operations are much easier for novices",
   Year=1981}

@article{pane01,
   Author="Pane, John F. and Ratanamahatana, Chotirat and Myers, Brad",
   Title="Studying the language and structure in non-programmers' solutions to programming problems",
   Journal="International Journal of Human-Computer Studies",
   Volume=54,
   Pages="237-264",
   Year=2001}

@article{gnome,
   Author="Miller, Philip and Pane, John and Meter, Glenn and Vorthmann, Scott",
   Title="Evolution of novice programming environments: The structure editors of Carnegie-Mellon University",
   Journal="Interactive Learning Environments",
   Volume=4,
   Number=2,
   Pages="140-158",
   Year=1994}

@book{dodge-jerse,   
   Author="Dodge, Charles and Jerse, Thomas A.",
   Title="Computer Music: Synthesis, Composition, and Performance",
   Publisher="Schimer:Thomason Learning Inc.",
   Year=1997}


@book{roads,   
   Author="Roads, Curtis",
   Title="The Computer Music Tutorial",
   Publisher="MIT Press",
   Address="Cambridge, MA",
   Year=1996}

@article{its,
   Author="Anderson, John R. and Corbett, Albert T. and Koedinger, Kenneth R. and Pelletier, Ray",
   Title="Cognitive Tutors: Lessons Learned",
   Journal="Journal of the Learning Sciences",
   Volume=4,
   Number=2,
   Pages="167-208",
   Year=1995}

@book{csoundbook,
   Editor="Boulanger, Richard",
   Title="The CSound Book: Perspectives in Synthesis, Sound Design, Signal Processing, and Programming",
   Publisher="MIT Press",
   Address="Cambridge, MA",
   Year=2000}

@phdThesis{colleen,
   Author="Kehoe, Colleen M.",
   Title="Supporting Critical Design Dialog",
   School="Georgia Institute of Technology",
   Type="Unpublished Ph.D. Dissertation",
   Year=2001}

@incollection{icls-2cool,
Author="Craig, David and ul-Haq, Saif and Khan, Sabir and Zimring, Craig and Kehoe, Colleen and Rick, Jochen and Guzdial, Mark",
   Title="Using an unstructured collaboration tool to support peer interaction in large college classes",
   BookTitle="International Conference of the Learning Sciences 2000",
   Address="Ann Arbor, MI",
   Pages="178-184",
   Year=2000}

@incollection{coolstudio,
Author="Zimring, Craig and Khan, Sabir and Craig, David and Haq, Saif-ul- and Guzdial, Mark",
   Title="CoOL Studio: Using simple tools to expand the discursive space of the design studio",
   BookTitle="Design Thinking Research Symposium",
   Address="MIT, Cambridge, MA",
   Year=1999}
   
@book{tech-savvy,
   Author="AAUW",
   Title="Tech-Savvy: Educating Girls in the New Computer Age",
   Publisher="American Association of University Women Education Foundation",
   Address="New York",
   Year=2000}

@book{whitebook,
      Author="Guzdial, Mark",
   Title="Squeak: Object-oriented design with Multimedia Applications",
   Publisher="Prentice-Hall",
   Address="Englewood, NJ",
   Year=2001}

@incollection{guzdialsigcse2001,
   Author="Guzdial, Mark",
   Title="Using Squeak for Teaching User Interface Software",
   BookTitle="The Proceedings of the Thirty-second SIGCSE Technical Symposium on Computer Science Education",
   Publisher="ACM Press",
   Address="New York",
   Pages="219-223",
   Year=2001}

@incollection{compmusic,
   Author="Guzdial, Mark and Greenlee, Jim",
   Title="A Computer Music Implementation Course Using Active Essays",
   BookTitle="The Proceedings of the Thirty-third SIGCSE Technical Symposium on Computer Science Education",
   Publisher="ACM Press",
   Address="New York",
   Pages="Submitted",
   Year=2002}
   
@book{htdp,
   Author="Felleisen, Matthias and Findler, Robert Bruce and Flatt, Matthew and Krishnamurthi, Shriram",
   Title="How to Design Programs: An Introduction to Programming and Computing",
   Publisher="MIT Press",
   Address="Cambridge, MA",
   Year=2001}

@book{csls,
	Author="Brian Harvey",
	Title="Computer Science Logo Style",
	Publisher="MIT Press",
	Address="Cambridge, MA",
	Year=1986}

@book{sicp,
	Author="Abelson, Harold and Sussman, Gerald and Sussman, Julie",
	Title="Structure and Interpretation of Computer Programs",
	Publisher="MIT Press",
	Address="Cambridge, MA",
	Year=1985}
	
@book{foleyvandam,
  Author="Foley, James D. and Van Dam, Andries and Feiner, Steven K.",
  Title="Introduction to Computer Graphics",
  Publisher="Addison Wesley",
  Address="Reading, MA",
  Year=1993}


@book{nubluebook,   
   Editor="Guzdial, Mark and Rose, Kim",
   Title="Squeak, Open Personal Computing for Multimedia",
   Publisher="Prentice-Hall",
   Address="Englewood, NJ",
   Year=2001}

@book{freeman,
      Author="Freeman, Peter and Aspray, William",
   Title="The Supply of Information Technology Workers in the United States",
   Publisher="Computing Research Association",
   Address="New York",
   Year=1999}

@incollection{womensigcse2001,
   Author="Pfleeger, Shari Lawrence and Teller, Pat and Castaneda, Sheila E. and Wilson, Manda and Lindley, Rowan",
   Title="Increasing the enrollment of women in computer science",
   BookTitle="The Proceedings of the Thirty-second SIGCSE Technical Symposium on Computer Science Education",
   Editor="McCauley, Renée and Gersting, Judith",
   Publisher="ACM Press",
   Address="New York",
   Pages="386-387",
   Year=2001}

@article{ACMIT,
   author =  {ACM Techlinks},
   title =   {Reports of IT Worker Shortages Continue},
   journal = {ACM Technlinks for Week of October 14},
   year =    2001,
}

@book{greatideas,
   Author="Biermann, Alan W.",
   Title="Great Ideas in Computer Science: A Gentle Introduction",
   Publisher="MIT Press",
   Address="Cambridge, MA",
   Year=1998}

@book{simplyscheme,
   Author="Harvey, Brian and Wright, Matthew",
   Title="Simply Scheme, Second Edition",
   Publisher="MIT Press",
   Address="Cambridge, MA",
   Year=2001}

@book{digitaldomain,
   Author="Abernethy, Ken and Allen, Tom",
   Title="Exploring the Digital Domain: An Introduction to Computing with Multimedia and Networking",
   Publisher="PWS Publishing",
   Address="Boston",
   Year=1998}

@article{iticse2001,
   Author="McCracken, Michael and Almstrum, Vicki and Diaz, Danny and Guzdial, Mark and Hagan, Dianne and Kolikant, Yifat Ben-David and Laxer, Cary and Thomas, Lynda and Utting, Ian and Wilusz, Tadeusz",
   Title="A multi-national, multi-institutional study of assessment of programming skills of first-year CS students",
   Journal="ACM SIGCSE Bulletin",
   Volume=33,
   Number=4,
   Pages="125-140",
   Year=2001}

@techReport{perkins,
   Author="Perkins, David N. and Martin, Fay and Farady, Michael",
   Title="Loci of difficulty in learning to program",
   Institution="Educational Technology Center, Harvard",
   Type="Technical Report",
   Month="June",
   Year=1986}

@incollection{putalltogether,
   Author="Spohrer, James C. and Soloway, Elliot",
   Title="Putting it all together is hard for novice programmers",
   BookTitle="Proceedings of the IEEE International Conference on Systems, Man, and Cybernetics",
   Volume="March",
   Note="Tucson, AZ.",
   Year=1985}

@phdThesis{marcel,
   Author="Spohrer, James Clinton",
   Title="MARCEL: A Generate-Test-and-Debug (GTD) Impasse/Repair Model of Student Programmers",
   School="Yale University",
   Note="YALEU/CSD/RR 687",
   Type="Ph.D.",
   Year=1989}

@incollection{pair-retention,
   Author="McDowell, Charlie and Bullock, Heather and Fernald, Julian and Werner, Linda",
   Title="The effects of pair-programming on performance in an introductory programming course",
   BookTitle="The Proceedings of the Thirty-third SIGCSE Technical Symposium on Computer Science Education, 2002",
   Editor="Knox, Deborah",
   Publisher="ACM",
   Address="New York",
   Pages="38-42",
   Note="Pair-programming (social) reduces attrition rates",
   Year=2002}

@incollection{pair-performance,
   Author="Williams, Laurie A. and Kessler, R. R.",
   Title="The effects of 'pair-pressure' and 'pair-learning' on software engineering education",
   BookTitle="Proceedings of the Thirteenth Conference on Software Engineering Education and Training",
   Pages="59-65",
   Year=2000}

@book{margolis,
   Author="Margolis, Jane and Fisher, Allan",
   Title="Unlocking the Clubhouse: Women in Computing",
   Publisher="MIT Press",
   Address="Cambridge, MA",
   Year=2002}

@article{medialiteracy,
   Author="Soloway, Elliot and Guzdial, Mark and Hay, Ken E.",
   Title="Reading and writing in the 21st century",
   Journal="EDUCOM Review",
   Volume=28,
   Number=1,
   Pages="26-28",
   Year=1993}

@incollection{defensive-cs1,
   Author="Barker, Lecia Jane and Garvin-Doxas, Kathy and Jackson, Michele",
   Title="Defensive climate in the computer science education",
   BookTitle="The Proceedings of the Thirty-third SIGCSE Technical Symposium on Computer Science Education, 2002",
   Editor="Knox, Deborah",
   Publisher="ACM",
   Address="New York",
   Pages="43-47",
   Year=2002}

@book{deitel,
   Author="Deitel, H.M. and Deitel, P.J.",
   Title="Java: How to Program",
   Publisher="Prentice-Hall",
   Address="Upper Saddle River, NJ",
   Year=1999}
   
@article{pbl,
   Author="Blumenfeld, Phyllis C. and Soloway, Elliot and Marx, Ronald W. and Krajcik, Joseph S. and Guzdial, Mark and Palincsar, Annemari",
   Title="Motivating project-based learning: Sustaining the doing, supporting the learning",
   Journal="Educational Psychologist",
   Volume=26,
   Number="3 \& 4",
   Pages="369-398",
   Year=1991}
   
@article{personaldynamicmedia,
   Author="Kay, Alan and Goldberg, Adele",
   Title="Personal dynamic media",
   Journal="IEEE Computer",
   Pages="31-41",
   Year=1977}

@article{kozmamultimedia,
      Author="Kozma, Robert and Russell, J.",
   Title="Multimedia and understanding: Expert and novice responses to different representations of chemical phenomena",
   Journal="Journal of Research in Science Teaching",
   Volume=43,
   Number=9,
   Pages="949-968",
   Year=1997}

@incollection{papertconstructionism,
      Author="Papert, Seymour",
   Title="Situating constructionism",
   BookTitle="Constructionism",
   Editor="Harel, Idit and Papert, Seymour",
   Publisher="Ablex Publishing Company",
   Address="Norwood, NJ",
   Pages="1-11",
   Year=1991}

@article{pianosnotstereos,
   Author="Resnick, Mitchel and Bruckman, Amy and Martin, Fred",
   Title="Pianos not Stereos: Creating computational construction kits",
   Journal="Interactions",
   Volume=3,
   Number=5,
   Pages="41-50",
   Year=1996}

@incollection{intrinsic,
   Author="Malone, T.W. and Lepper, M.R.",
   Title="Making learning fun: A taxonomy of intrinsic motivations for learning",
   BookTitle="Aptitude, Learning, and Instruction.",
   Editor="Snow, R.E. and Farr, M.J.",
   Series="Conative and Affective Process Analyses",
   Publisher="LEA",
   Address="Hillsdale, NJ",
   Volume=3,
   Pages="223-253",
   Year=1987}

@incollection{pairs02,
   Author="McDowell, Charlie and Bullock, Heather and Fernald, Julian and Werner, Linda",
   Title="The effects of pair-programming on performance in an introductory programming course",
   BookTitle="The Proceedings of the Thirty-third SIGCSE Technical Symposium on Computer Science Education, 2002",
   Editor="Knox, Deborah",
   Publisher="ACM",
   Address="New York",
   Pages="38-42",
   Year=2002}

@incollection{pairs-laurie,
   Author="Williams, Laurie A. and Kessler, R. R.",
   Title="The effects of 'pair-pressure' and 'pair-learning' on software engineering education",
   BookTitle="Proceedings of the Thirteenth Conference on Software Engineering Education and Training",
   Pages="59-65",
   Year=2000}

@incollection{paris94,
   Author="Paris, Scott G. and Turner, J. C.",
   Title="Situated motivation",
   BookTitle="Student Motivation, Cognition, and Learning: Essays in Honor of Wilbert J. McKeachie",
   Editor="Pintrich, Paul and Brown, D. and Weinstein, C.",
   Publisher="Erlbaum",
   Address="Hillsdale, NJ",
   Pages="213-237",
   Year=1994}

@book{schoolsforthought,
   Author="Bruer, John T.",
   Title="Schools for Thought: A Science of Learning in the Classroom",
   Publisher="MIT Press",
   Address="Cambridge, MA",
   Year=1993}

@incollection{cogapp,
      Author="Collins, Allan and Brown, John Seely and Newman, Susan E.",
   Title="Cognitive apprenticeship: Teaching the craft of reading, writing, and mathematics",
   BookTitle="Knowing, Learning, and Instruction: Essays in Honor of Robert Glaser",
   Editor="Resnick, Lauren B.",
   Publisher="Lawrence Erlbaum and Associates",
   Address="Hillsdale, NJ",
   Pages="453-494",
   Year=1989}
   
@book{clubhouse,
   Author="Margolis, Jane and Fisher, Allan",
   Title="Unlocking the Clubhouse: Women in Computing",
   Publisher="MIT Press",
   Address="Cambridge, MA",
   Year=2002}

@incollection{comfort-cs1,
   Author="Wilson, Brenda Cantwell and Shrock, Sharon",
   Title="Contributing to success in an introductory computer science course: A study of twelve factors",
   BookTitle="The Proceedings of the Thirty-second SIGCSE Technical Symposium on Computer Science Education",
   Editor="McCauley, Renée and Gersting, Judith",
   Publisher="ACM",
   Address="New York",
   Pages="184-188",
   Year=2001}

@article{gpceditor,
   Author="Guzdial, Mark and Konneman, Michael and Walton, Christopher and Hohmann, Luke and Soloway, Elliot",
   Title="Layering scaffolding and CAD on an integrated workbench: An effective design approach for project-based learning support",
   Journal="Interactive Learning Environments",
   Volume=6,
   Number="1/2",
   Pages="143-179",
   Year=1998}

   @article{stable,
   Author="Guzdial, Mark and Kehoe, Colleen",
   Title="Apprenticeship-based learning environments: A principled approach to providing software-realized scaffolding through hypermedia",
   Journal="Journal of Interactive Learning Research",
   Volume=9,
   Number="3/4",
   Pages="289-336",
   Year=1998}
   
@article{nintendo,
   Author="Soloway, Elliot",
   Title="How the Nintendo generation learns",
   Journal="Communications of the ACM",
   Volume=34,
   Number=9,
   Pages="23-28",
   Note="use of multimedia technology in education, mediatext",
   Year=1991}
   
@article{nintendo-programming,
   Author="Guzdial, Mark and Soloway, Elliot",
   Title="Teaching the Nintendo Generation to Program",
   Journal="Communications of the ACM",
   Volume=45,
   Number=4,
   Pages="17-21",
   Year=2002}

@incollection{graphicscs1,
   Author="Marks, Joe and Freeman, William and Leitner, Henry",
   Title="Teaching applied computing without programming: A case-based introductory course for general education",
   BookTitle="The Proceedings of the Thirty-second SIGCSE Technical Symposium on Computer Science Education",
   Editor="McCauley, Renée and Gersting, Judith",
   Publisher="ACM Press",
   Address="New York",
   Pages="80-84",
   Year=2001}

@incollection{vrcs1,
   Author="Zimmerman, Guy W. and Eber, Dena E.",
   Title="When Worlds Collide! An interdisciplinary course in virtual-reality art",
   BookTitle="The Proceedings of the Thirty-second SIGCSE Technical Symposium on Computer Science Education",
   Editor="McCauley, Renée and Gersting, Judith",
   Publisher="ACM Press",
   Address="New York",
   Pages="75-79",
   Year=2001}

@incollection{gendercscl02,
      Author="Bruckman, Amy and Jensen, Carlos and DeBonte, Austina",
   Title="Gender and programming achievement in a CSCL environment",
   BookTitle="Proceedings of the 2002 Computer Supported Collaborative Learning conference",
   Editor="Stahl, Gerry",
   Publisher="University of Colorado at Boulder",
   Address="Boulder, CO",
   Pages="In-Press",
   Year=2001}

@article{cowebjls,
   Author="Guzdial, Mark and Rick, Jochen and Kehoe, Colleen",
   Title="Beyond adoption to invention: Teacher-created collaborative activities in higher education",
   Journal="Journal of the Learning Sciences",
   Volume=10,
   Number=3,
   Pages="265-279",
   Year=2001}

@incollection{cowebfie,
   Author="Guzdial, Mark and Ludovice, Pete and Realff, Matthew and Morley, Tom and Carroll, Karen and Ladak, Akbar",
   Title="The challenge of collaborative learning in engineering and math",
   BookTitle="Proceedings of IEEE/ASEE Frontiers in Education (FIE) 2001 Conference",
   Publisher="IEEE",
   Address="Reno, NV",
   Year=2001}

@incollection{cowebiticse,
   Author="Guzdial, Mark",
   Title="Use of collaborative multimedia in computer science classes",
   BookTitle="Proceedings of the 2001 Integrating Technology into Computer Science Education Conference",
   Publisher="ACM",
   Address="Canterbury, UK",
   Year=2001}

@incollection{cowebcscw,
   Author="Guzdial, Mark and Rick, Jochen and Kerimbaev, Bolot",
   Title="Recognizing and Supporting Roles in CSCW",
   BookTitle="Proceedings of CSCW'2000",
   Publisher="ACM Press",
   Address="New York",
   Pages="261-268",
   Year=2000}

@incollection{coweb-dialogue,
   Author="Guzdial, Mark and Carroll, Karen",
   Title="Exploring the lack of dialogue in computer-supported collaborative learning",
   BookTitle="Proceedings of the 2002 Computer-Supported Collaborative Learning Conference",
   Editor="Stahl, Gerry",
   Publisher="University of Colorado at Boulder",
   Address="Boulder, CO",
   Pages="418-424",
   Year=2002}

@incollection{coweb-english,
   Author="Rick, Jochen and Guzdial, Mark and Carroll, Karen and Holloway-Attaway, Lissa and Walker, Brandy",
   Title="Collaborative learning at low cost: CoWeb use in English Composition",
   BookTitle="Proceedings of the Computer Supported Collaborative Learning 2002",
   Publisher="Lawrence Erlbaum Associates",
   Address="Mahwah, NJ",
   Pages="435-442",
   Year=2002}

@article{guzdialturns,
   Author="Guzdial, Mark and Turns, Jennifer",
   Title="Effective discussion through a computer-mediated anchored forum",
   Journal="Journal of the Learning Sciences",
   Volume=9,
   Number=4,
   Pages="437-470",
   Year=2000}

@incollection{soloway-yale-studies,
   Author="Soloway, Elliot and Ehrlich, Kate and Bonar, Jeffrey and Greenspan, J.",
   Title="What do novices know about programming?",
   BookTitle="Directions in Human-Computer Interaction",
   Editor="Badre, Andre and Schneiderman, Ben",
   Publisher="Ablex Publishing",
   Address="Norwood, NJ",
   Pages="87-122",
   Year=1982}

@article{looping,   
   Author="Soloway, Elliot and Bonar, Jeffrey and Ehrlich, Kate",
   Title="Cognitive strategies and looping constructs: An empirical study",
   Journal="Communications of the ACM",
   Volume=26,
   Number=11,
   Pages="853-860",
   Year=1983}

@incollection{failurerates,
   Author="Roumani, Hamzeh",
   Title="Design guidelines for the lab component of objects-first CS1",
   BookTitle="The Proceedings of the Thirty-third SIGCSE Technical Symposium on Computer Science Education, 2002",
   Editor="Knox, Deborah",
   Publisher="ACM",
   Address="New York",
   Pages="222-226",
   Note="WFD (Withdrawl-Failure-D) rates in CS1 in excess of 30%",
   Year=2002}
   
@incollection{infoecol,
   Author="Guzdial, Mark",
   Title="Information ecology of collaborations in educational settings: Influence of tool",
   BookTitle="Proceedings of Computer-Supported Collaborative Learning'97",
   Editor="Hall, R. and Miyake, N. and Enyedy, N.",
   Publisher="LEA",
   Address="Toronto, Ontario, Canada",
   Pages="83-90",
   Year=1997}
   
@incollection{dialoglearn,
   Author="Guzdial, Mark and Carroll, Karen",
   Title="Exploring the lack of dialogue in computer-supported collaborative learning",
   BookTitle="Proceedings of the 2002 Computer-Supported Collaborative Learning Conference",
   Editor="Stahl, Gerry",
   Publisher="University of Colorado at Boulder",
   Address="Boulder, CO",
   Pages="In-press",
   Year=2002}

@book{greenberger,
   Author="Greenberger, Martin",
   Title="Computers and the World of the Future",
   Publisher="MIT Press",
   Address="Cambridge, MA",
   Series="Transcribed recordings of lectures held at the Sloan School of Business Administration, April, 1961",
   Year=1962}

@article{mediatext,
   Author="Hay, Ken E. and Guzdial, Mark and Jackson, Shari and Boyle, Robert A. and Soloway, Elliot",
   Title="Students as multimedia composers",
   Journal="Computers and Education",
   Volume=23,
   Number=4,
   Pages="301-317",
   Year=1994}

@article{formative-superbook,
   Author="Egan, Dennis and Remde, J.R. and Gomez, Louis and Landauer, Tom and Eberhardt, J. and Lochbaum, C.",
   Title="Formative design-evaluation of SuperBook",
   Journal="ACM Transactions on Office Information Systems",
   Volume=7,
   Pages="30-57",
   Note="Uses critical incident analysis, log file analysis",
   Year=1990}

@book{formative,
   Author="Flagg, Barbara N.",
   Title="Formative Evaluation for Educational Technologies",
   Publisher="Erlbaum and Associates",
   Address="Hillsdale, NJ",
   Series="Communication",
   Year=1990}

@Article{domainexperience,
author = {Adelson, Beth and Soloway, Elliot}, 
title = {The role of domain experience in software design.}, 
journal = {IEEE Transactions on Software Engineering}, 
volume = {SE-11}, 
number = {11}, 
pages = {1351-1360}, 
year = {1985}, 
keywords = { }}
